<collection xmlns="http://www.loc.gov/MARC21/slim">
<record>
  <leader>01446nam0a2200265 i 450 </leader>
  <controlfield tag="001">IT\ICCU\CNCE\050462</controlfield>
  <controlfield tag="005">20130201000000.0</controlfield>
  <datafield tag="012" ind1=" " ind2=" ">
    <subfield code="a">tuto deti uipo ,&amp;da (C) 1551 (R)</subfield>
    <subfield code="2">fei</subfield>
  </datafield>
  <datafield tag="100" ind1=" " ind2=" ">
    <subfield code="a">20000120d1551        0itac0103    ba</subfield>
  </datafield>
  <datafield tag="101" ind1=" " ind2=" ">
    <subfield code="a">ITA</subfield>
  </datafield>
  <datafield tag="102" ind1=" " ind2=" ">
    <subfield code="a">IT</subfield>
  </datafield>
  <datafield tag="200" ind1="1" ind2=" ">
    <subfield code="a">Copia de vna lettera, venuta da Costantinopoli, doue narra gli gran prodigi, &amp; spauenteuoli segni, apparsi in Costantinopoli, &amp; per il paese conuicino. Con alcune horribil visioni, apparsi al gran turcho, cioe saette, venti, &amp; tempesta, tuoni, &amp; la interpretatione, &amp; espositione di quelli prodigii dalli pi ̮sapienti astrologi, &amp; indouini del suo impero, et apparition di comette</subfield>
  </datafield>
  <datafield tag="210" ind1=" " ind2=" ">
    <subfield code="a">Stampata nell&apos;inclita citta di Venetia</subfield>
    <subfield code="c">ad instantia de Paris Mantoano detto Fortunato</subfield>
    <subfield code="d">1551</subfield>
  </datafield>
  <datafield tag="215" ind1=" " ind2=" ">
    <subfield code="a">\4! c.</subfield>
    <subfield code="c">ill.</subfield>
    <subfield code="d">8ʻ</subfield>
  </datafield>
  <datafield tag="300" ind1=" " ind2=" ">
    <subfield code="a">Il nome dell&apos;autore si ricava dall&apos;explicit</subfield>
  </datafield>
  <datafield tag="620" ind1=" " ind2=" ">
    <subfield code="a">IT</subfield>
    <subfield code="d">Venezia</subfield>
  </datafield>
  <datafield tag="700" ind1=" " ind2="0">
    <subfield code="a">Domenico</subfield>
    <subfield code="c"> : Fiorentino</subfield>
    <subfield code="3">IT\ICCU\CNCA\010320</subfield>
  </datafield>
  <datafield tag="712" ind1="0" ind2="0">
    <subfield code="a">Mantovano, Paride</subfield>
    <subfield code="3">IT\ICCU\CNCT\001675</subfield>
    <subfield code="4">650</subfield>
  </datafield>
  <datafield tag="791" ind1="0" ind2="2">
    <subfield code="a">Paride Mantovano</subfield>
    <subfield code="3">IT\ICCU\CNCT\002736</subfield>
    <subfield code="z">Mantovano, Paride</subfield>
  </datafield>
  <datafield tag="791" ind1="0" ind2="2">
    <subfield code="a">Fortunato</subfield>
    <subfield code="3">IT\ICCU\CNCT\002995</subfield>
    <subfield code="z">Mantovano, Paride</subfield>
  </datafield>
  <datafield tag="791" ind1="0" ind2="0">
    <subfield code="a">Mantuano, Paris</subfield>
    <subfield code="3">IT\ICCU\CNCT\005009</subfield>
    <subfield code="z">Mantovano, Paride</subfield>
  </datafield>
  <datafield tag="791" ind1="0" ind2="0">
    <subfield code="a">Mantoano, Paris</subfield>
    <subfield code="3">IT\ICCU\CNCT\005010</subfield>
    <subfield code="z">Mantovano, Paride</subfield>
  </datafield>
  <datafield tag="791" ind1="0" ind2="2">
    <subfield code="a">Fortunato Mantovano</subfield>
    <subfield code="3">IT\ICCU\CNCT\005011</subfield>
    <subfield code="z">Mantovano, Paride</subfield>
  </datafield>
  <datafield tag="801" ind1=" " ind2="3">
    <subfield code="a">IT</subfield>
    <subfield code="b">ICCU</subfield>
    <subfield code="c">20201115</subfield>
  </datafield>
  <datafield tag="899" ind1=" " ind2=" ">
    <subfield code="a">Biblioteca nazionale Marciana. Venezia</subfield>
    <subfield code="1">VE0049</subfield>
    <subfield code="2">VEA BM</subfield>
  </datafield>
</record>
</collection>
